@inbook{MON_TO_MS_MONOLITH,
  author    = {Sam Newman},
  title     = {Monolith to Microservices},
  chapter   = {The Monolith},
  publisher = {O’Reilly},
  year      = {2020}
}
@inbook{MON_TO_MS_MICROSERVICE,
  author    = {Sam Newman},
  title     = {Monolith to Microservices},
  chapter   = {The Monolith},
  publisher = {O’Reilly},
  year      = {2020}
}

@inbook{BUILDING_MS_WHAT_ARE,
  author    = {Sam Newman},
  title     = {Building Microservices},
  chapter   = {What Are microservices?},
  publisher = {O’Reilly},
  year      = {2021},
  edition   = {Second}
}

@inbook{BUILDING_MS_MONOLITH,
  author    = {Sam Newman},
  title     = {Building Microservices},
  chapter   = {The monolith},
  publisher = {O’Reilly},
  year      = {2021},
  edition   = {Second}
}


@inbook{EVOLUTIONARY_ARCHITERUES_COUPLING,
  author    = {Neil Ford, RebeccaParsons, Patrick Kua},
  title     = {Building Evolutionary Architectures by Neal Ford, Rebecca Parsons, Patrick Kua},
  chapter   = {Chapter4. architectural Coupling},
  publisher = {O’Reilly},
  year      = {2017},
  edition   = {First}
}

@article{BIG_BALL_OF_MUD,
  author = {Foote, Brian and Yoder, Joseph},
  year   = {2003},
  month  = {09},
  pages  = {},
  title  = {Big Ball of Mud}
}


@misc{lamport1987distribution,
  abstract   = {This message is the source of the following observation, which has been quoted (and misquoted) rather widely: 
                
                A distributed system is one in which the failure of a computer you didn't even know existed can render your own computer unusable.},
  author     = {Lamport, Leslie},
  edition    = {Email message sent to a DEC SRC bulletin board at 12:23:29 PDT on 28 May 87.},
  month      = {5},
  note       = {Email message sent to a DEC SRC bulletin board at 12:23:29 PDT on 28 May 87.},
  title      = {Distribution},
  url        = {https://www.microsoft.com/en-us/research/publication/distribution/},
  year       = {1987},
  bdsk-url-1 = {https://www.microsoft.com/en-us/research/publication/distribution/}
}

@misc{BIPPIT,
  title        = {Bippit Ltd},
  howpublished = {WebPage},
  month        = {9},
  year         = {2023},
  url          = {https://bippit.com}
}

@misc{SCHOLAR_2001_2023,
  title        = {Google Scholar},
  howpublished = {WebPage},
  month        = {9},
  year         = {2023},
  url          = {https://scholar.google.com/scholar?q=%22software+architecture%22&hl=en&as_sdt=0%2C5&as_vis=1&authuser=1&as_ylo=2001&as_yhi=2023}
}


@misc{SCHOLAR_2000,
  title        = {Google Scholar},
  howpublished = {WebPage},
  month        = {9},
  year         = {2023},
  url          = {https://scholar.google.com/scholar?q=%22software+architecture%22&hl=en&as_sdt=0%2C5&as_vis=1&authuser=1&as_ylo=&as_yhi=2000}
}

@misc{DIST_MON_WHICH_BUILDING,
  title        = {Distributed Monoliths vs. Microservices: Which Are You Building?},
  howpublished = {WebPage},
  month        = {8},
  year         = {2022},
  url          = {https://scoutapm.com/blog/distributed-monoliths-vs-microservices#h_268859552881644344655113},
  author       = {Ganesh Mani}
}

@misc{SOFTWARE_MAINTAINABILITY,
  title        = {Software Maintainability: 75\% of Your Budget Is Dedicated to Software Maintenance.},
  howpublished = {WebPage},
  month        = {9},
  year         = {2023},
  url          = {https://www.castsoftware.com/glossary/software-maintainability},
  author       = {CAST Software}
}
@misc{SAGA_PATTERN,
  title        = {Pettern: Saga},
  howpublished = {WebPage},
  url          = {https://microservices.io/patterns/data/saga.html},
  author       = {Chris Richardson}
}
@misc{BRIEF_HISTORY_OF_MS,
  title        = {A Brief History of Microservices},
  howpublished = {WebPage},
  month        = {5},
  year         = {2021},
  url          = {https://www.dataversity.net/a-brief-history-of-microservices/},
  author       = { Keith D. Foote}
}
@misc{MS_COMPANIES,
  title        = {4 Microservices Examples: Amazon, Netflix, Uber, and Etsy},
  howpublished = {WebPage},
  month        = {5},
  year         = {2023},
  url          = {https://blog.dreamfactory.com/microservices-examples/},
  author       = {Jeremy H}
}
@misc{NOMAD,
  title        = {Nomad by HashiCorp},
  howpublished = {WebPage},
  month        = {9},
  year         = {2023},
  url          = {https://www.nomadproject.io/},
  author       = {HashiCorp}
}
@misc{CONSUL,
  title        = {Consul by HashiCorp},
  howpublished = {WebPage},
  month        = {9},
  year         = {2023},
  url          = {https://www.consul.io/},
  author       = {HashiCorp}
}
@misc{VAULT,
  title        = {Consul by HashiCorp},
  howpublished = {WebPage},
  month        = {9},
  year         = {2023},
  url          = {https://www.vaultproject.io/},
  author       = {HashiCorp}
}
@misc{KUBERNETES,
  title        = {Kubernetes},
  howpublished = {WebPage},
  month        = {9},
  year         = {2023},
  url          = {https://kubernetes.io/},
  author       = {Google LLC}
}
@misc{MC_TESTABILITY,
  title        = {Microservices Testability \& Manageability},
  howpublished = {WebPage},
  month        = {8},
  year         = {2020},
  url          = {https://up9.com/microservices-testability-and-manageability},
  author       = {Alon Girmonsky}
}

@article{7093032,
  author  = {Anderson, Charles},
  journal = {IEEE Software},
  title   = {Docker [Software engineering]},
  year    = {2015},
  volume  = {32},
  number  = {3},
  pages   = {102-c3},
  doi     = {10.1109/MS.2015.62}
}

@inbook{2PC_PATTERN,
  author    = {Unmesh Joshi},
  title     = {Patterns of Distributed Systems},
  chapter   = {Two Phase Commit},
  publisher = {Addison-Wesley Professional},
  year      = {2023},
  edition   = {1st}
}